@online{historia-confea,
	title = {Sistema Profissional: História},
	url = {http://www.confea.org.br/sistema-profissional/historia},
	note = {Acesso em 14 de Julho de 2019}
	urldate = {2019-07-14}
}

@TECHREPORT{evolucao-formacao-engenheiros-ipea,
	author = "Divonzir Arthur Gusso and Paulo A. Meyer M. Nascimento",
	title = "Evolução da formação de engenheiros e profissionais técnico-científicos no Brasil entre 2000 e 2012",
	type = "IPEA",
	year = 2014,
}

@ARTICLE{pbl-electrical-engineering,
	author = "Aman Yadav and Mary Lundeberg and Dipendra Subedi and Charles Bunting",
	title = {Problem-Based Learning in an undergraduate Electrical Engineering course},
	journal = {American Society for Engineering Education},
	volume = {},
	number = {},
	pages = {},
	month = feb,
	year = 2010,
}

@MASTERSTHESIS{how-engineers-learn,
	author = "Robert Roger Mayer",
	title = "How engineers learn: a study of problem-based learning in the engineering classroom and implications for course design",
	school = "Iowa State University",
	type = "{M.Sc.} dissertation",
	address = "Ames, Iowa, USA",
	year = 2013,
}